% Encoding: UTF-8

@Book{Wegener1966,
  title         = {The origin of continents and oceans},
  publisher     = {Courier Corporation},
  year          = {1966},
  author        = {Wegener, Alfred},
  __markedentry = {[santis:]},
}

@Article{Higgs1964,
  author        = {Higgs, Peter W},
  title         = {Broken symmetries and the masses of gauge bosons},
  journal       = {Physical Review Letters},
  year          = {1964},
  volume        = {13},
  number        = {16},
  pages         = {508},
  __markedentry = {[santis:6]},
  publisher     = {APS},
}

@Comment{jabref-meta: databaseType:bibtex;}
