% This file was created with JabRef 2.10.
% Encoding: ISO8859_1


@Misc{Amante2009,
  Title                    = {ETOPO1 1 arc-minute global relief model: procedures, data sources and analysis. {National Geophysical Data Center, NOAA, Boulder Colorado}},

  Author                   = {Amante, C. and Eakins, B. W.},
  Year                     = {2009},

  Owner                    = {agustina},
  Timestamp                = {2017.05.10}
}

@Book{Blakely1996,
  Title                    = {Potential theory in gravity and magnetic applications},
  Author                   = {Blakely, R. J.},
  Publisher                = {Cambridge University Press},
  Year                     = {1996},

  Owner                    = {agustina},
  Timestamp                = {2017.05.10}
}

@InBook{Krawczyk2006,
  Title                    = {{Geophysical Signatures and Active Tectonics at the South-Central Chilean Margin}},
  Author                   = {Krawczyk, C. M. and Mechie, J. and L{\"u}th, S. and Tas{\'a}rov{\'a}, Z. and Wigger, P. and Stiller, M. and Brasse, H. and Echtler, H. P. and Araneda, M. and Bataille, K.},
  Editor                   = {Oncken, Onno and Chong, Guillermo and Franz, Gerhard and Giese, Peter and Götze, Hans-Jürgen and Ramos, Victor A. and Strecker, Manfred R. and Wigger, Peter},
  Pages                    = {171-192},
  Publisher                = {Springer Berlin Heidelberg},
  Year                     = {2006},

  Address                  = {Berlin, Heidelberg},

  Booktitle                = {{The Andes: Active Subduction Orogeny}},
  Doi                      = {10.1007/978-3-540-48684-8_8},
  File                     = {Krawczyk2006.pdf:home/agustina/Libros/Geofisica/Krawczyk2006.pdf:PDF},
  ISBN                     = {978-3-540-48684-8},
  Owner                    = {agustina},
  Timestamp                = {2017.05.10},
  Url                      = {http://dx.doi.org/10.1007/978-3-540-48684-8_8}
}

@Book{Phillips2007,
  Title                    = {{Geosoft eXecutables (GX's) developed by the US Geological Survey, version 2.0, with notes on GX development from Fortran code}},
  Author                   = {Phillips, J. D},
  Publisher                = {US Geological Survey},
  Year                     = {2007},

  Owner                    = {agustina},
  Timestamp                = {2017.05.10}
}

@TechReport{Webring1985,
  Title                    = {{SAKI: a Fortran program for generalized linear inversion of gravity and magnetic profiles}},
  Author                   = {Webring, M.},
  Institution              = {US Geological Survey,},
  Year                     = {1985},

  Owner                    = {agustina},
  Timestamp                = {2017.05.10}
}

@Article{Yuan2006,
  Title                    = {{Deep seismic images of the Southern Andes}},
  Author                   = {Yuan, X. and Asch, G. and Bataille, K. and Bock, G. and Bohm, M. and Echtler, H. and Kind, R. and Oncken, O. and W{\"o}lbern, I.},
  Journal                  = {Geological Society of America Special Papers},
  Year                     = {2006},
  Pages                    = {61-72},
  Volume                   = {407},

  File                     = {Yuan2006.pdf:home/agustina/Libros/Geofisica/Yuan2006.pdf:PDF},
  Owner                    = {agustina},
  Publisher                = {Geological Society of America},
  Timestamp                = {2017.05.10}
}

@Article{Zhang2014,
  Title                    = {{NAV-Edge: Edge detection of potential-field sources using normalized anisotropy variance}},
  Author                   = {Zhang, H. L. and Ravat, D. and Marangoni, Y. R. and Hu, X. Y.},
  Journal                  = {GEOPHYSICS},
  Year                     = {2014},

  Month                    = {May},
  Number                   = {3},
  Pages                    = {J43-J53},
  Volume                   = {79},

  Doi                      = {10.1190/geo2013-0218.1},
  File                     = {Zhang2014.pdf:home/agustina/Libros/Geofisica/Zhang2014.pdf:PDF},
  ISSN                     = {1942-2156},
  Owner                    = {agustina},
  Publisher                = {Society of Exploration Geophysicists},
  Timestamp                = {2017.05.01},
  Url                      = {http://dx.doi.org/10.1190/GEO2013-0218.1}
}

